

% num 5 in proposal
@misc{stateOfDeepFakes,
 author = {Henry Ajder, Giorgio Patrini, Francesco Cavalli \& Laurence Cullen},
 title = {The State of Deepfakes: Landscape, Threats, and Impact},
 year = 2019
}

% num 6 in proposal
@InProceedings{Amerini_2019_ICCV,
author = {Amerini, Irene and Galteri, Leonardo and Caldelli, Roberto and Del Bimbo, Alberto},
title = {Deepfake Video Detection through Optical Flow Based CNN},
booktitle = {The IEEE International Conference on Computer Vision (ICCV) Workshops},
month = {Oct},
year = {2019}
}

% num 7 in proposal
@inproceedings{10.1145/130385.130401,
author = {Boser, Bernhard E. and Guyon, Isabelle M. and Vapnik, Vladimir N.},
title = {A Training Algorithm for Optimal Margin Classifiers},
year = {1992},
isbn = {089791497X},
publisher = {Association for Computing Machinery},
address = {New York, NY, USA},
url = {https://doi.org/10.1145/130385.130401},
doi = {10.1145/130385.130401},
booktitle = {Proceedings of the Fifth Annual Workshop on Computational Learning Theory},
pages = {144–152},
numpages = {9},
location = {Pittsburgh, Pennsylvania, USA},
series = {COLT ’92}
}

% num 8 in proposal
@misc{brock2018large,
    title={Large Scale GAN Training for High Fidelity Natural Image Synthesis},
    author={Andrew Brock and Jeff Donahue and Karen Simonyan},
    year={2018},
    eprint={1809.11096},
    archivePrefix={arXiv},
    primaryClass={cs.LG}
}

% num 10 in proposal
@article{10.1023/A:1022627411411,
author = {Cortes, Corinna and Vapnik, Vladimir},
title = {Support-Vector Networks},
year = {1995},
issue_date = {September 1995},
publisher = {Kluwer Academic Publishers},
address = {USA},
volume = {20},
number = {3},
issn = {0885-6125},
url = {https://doi.org/10.1023/A:1022627411411},
doi = {10.1023/A:1022627411411},
journal = {Mach. Learn.},
month = sep,
pages = {273–297},
numpages = {25},
keywords = {pattern recognition, neural networks, polynomial classifiers, radial basis function classifiers, efficient learning algorithms}
}

% num 11 in proposal
@misc{durall2019unmasking,
    title={Unmasking DeepFakes with simple Features},
    author={Ricard Durall and Margret Keuper and Franz-Josef Pfreundt and Janis Keuper},
    year={2019},
    eprint={1911.00686},
    archivePrefix={arXiv},
    primaryClass={cs.LG}
}

% num 12 in proposal
@article{Guera2018DeepfakeVD,
  title={Deepfake Video Detection Using Recurrent Neural Networks},
  author={David Guera and Edward J. Delp},
  journal={2018 15th IEEE International Conference on Advanced Video and Signal Based Surveillance (AVSS)},
  year={2018},
  pages={1-6}
}

% num 14 in proposal
@misc{goodfellow2014generative,
    title={Generative Adversarial Networks},
    author={Ian J. Goodfellow and Jean Pouget-Abadie and Mehdi Mirza and Bing Xu and David Warde-Farley and Sherjil Ozair and Aaron Courville and Yoshua Bengio},
    year={2014},
    eprint={1406.2661},
    archivePrefix={arXiv},
    primaryClass={stat.ML}
}

% num 16 in proposal
@misc{karras2017progressive,
    title={Progressive Growing of GANs for Improved Quality, Stability, and Variation},
    author={Tero Karras and Timo Aila and Samuli Laine and Jaakko Lehtinen},
    year={2017},
    eprint={1710.10196},
    archivePrefix={arXiv},
    primaryClass={cs.NE}
}

% num 19 in proposal
@misc{kingma2013autoencoding,
    title={Auto-Encoding Variational Bayes},
    author={Diederik P Kingma and Max Welling},
    year={2013},
    eprint={1312.6114},
    archivePrefix={arXiv},
    primaryClass={stat.ML}
}
% num 20 in proposal
@misc{li2018exposing,
    title={Exposing DeepFake Videos By Detecting Face Warping Artifacts},
    author={Yuezun Li and Siwei Lyu},
    year={2018},
    eprint={1811.00656},
    archivePrefix={arXiv},
    primaryClass={cs.CV}
}

% num 22 in proposal
@article{Matern2019ExploitingVA,
  title={Exploiting Visual Artifacts to Expose Deepfakes and Face Manipulations},
  author={Falko Matern and Christian Riess and Marc Stamminger},
  journal={2019 IEEE Winter Applications of Computer Vision Workshops (WACVW)},
  year={2019},
  pages={83-92}
}

% num 23 in proposal
@misc{neekhara2020adversarial,
    title={Adversarial Deepfakes: Evaluating Vulnerability of Deepfake Detectors to Adversarial Examples},
    author={Paarth Neekhara and Shehzeen Hussain and Malhar Jere and Farinaz Koushanfar and Julian McAuley},
    year={2020},
    eprint={2002.12749},
    archivePrefix={arXiv},
    primaryClass={cs.CV}
}

% num 24 in proposal
@misc{rssler2019faceforensics,
    title={FaceForensics++: Learning to Detect Manipulated Facial Images},
    author={Andreas Rössler and Davide Cozzolino and Luisa Verdoliva and Christian Riess and Justus Thies and Matthias Nießner},
    year={2019},
    eprint={1901.08971},
    archivePrefix={arXiv},
    primaryClass={cs.CV}
}

% num 25 in proposal
@misc{sze2017efficient,
    title={Efficient Processing of Deep Neural Networks: A Tutorial and Survey},
    author={Vivienne Sze and Yu-Hsin Chen and Tien-Ju Yang and Joel Emer},
    year={2017},
    eprint={1703.09039},
    archivePrefix={arXiv},
    primaryClass={cs.CV}
}


% new citations from here on:
@misc{zhang2019adversarial,
    title={Adversarial Defense by Suppressing High-frequency Components},
    author={Zhendong Zhang and Cheolkon Jung and Xiaolong Liang},
    year={2019},
    eprint={1908.06566},
    archivePrefix={arXiv},
    primaryClass={cs.CV}
}
@misc{zeman2019discrete,
    title={Discrete and Fast Fourier Transform Made Clear},
    author={Peter Zeman},
    year={2019},
    eprint={1908.07154},
    archivePrefix={arXiv},
    primaryClass={cs.DS}
}
@article{JMLR:v11:chang10a,
  author  = {Yin-Wen Chang and Cho-Jui Hsieh and Kai-Wei Chang and Michael Ringgaard and Chih-Jen Lin},
  title   = {Training and Testing Low-degree Polynomial Data Mappings via Linear SVM},
  journal = {Journal of Machine Learning Research},
  year    = {2010},
  volume  = {11},
  number  = {48},
  pages   = {1471-1490},
  url     = {http://jmlr.org/papers/v11/chang10a.html}
}
@misc{shashua2009introduction,
    title={Introduction to Machine Learning: Class Notes 67577},
    author={Amnon Shashua},
    year={2009},
    eprint={0904.3664},
    archivePrefix={arXiv},
    primaryClass={cs.LG}
}
@inproceedings{thies2016face,
  author = {Thies, J. and Zollh{\"o}fer, M. and Stamminger, M. and Theobalt, C. and Nie{\ss}ner, M.},
  title = {Face2Face: Real-time Face Capture and Reenactment of RGB Videos},
  booktitle = {Proc. Computer Vision and Pattern Recognition (CVPR), IEEE},
  year = {2016}
}
@MISC{Smola04atutorial,
    author = {Alex J. Smola and Bernhard Schölkopf},
    title = {A tutorial on support vector regression },
    year = {2004}
}

@misc{scikitlearnSVC,
    title={https://scikit-learn.org/stable/modules/svm.html}
}
@misc{dang2019detection,
    title={On the Detection of Digital Face Manipulation},
    author={Hao Dang and Feng Liu and Joel Stehouwer and Xiaoming Liu and Anil Jain},
    year={2019},
    eprint={1910.01717},
    archivePrefix={arXiv},
    primaryClass={cs.CV}
}
@misc{tolosana2020deepfakes,
    title={DeepFakes Evolution: Analysis of Facial Regions and Fake Detection Performance},
    author={Ruben Tolosana and Sergio Romero-Tapiador and Julian Fierrez and Ruben Vera-Rodriguez},
    year={2020},
    eprint={2004.07532},
    archivePrefix={arXiv},
    primaryClass={cs.CV}
}
@article{Huang2020FakeLocatorRL,
  title={FakeLocator: Robust Localization of GAN-Based Face Manipulations via Semantic Segmentation Networks with Bells and Whistles},
  author={Yihao Huang and Felix Juefei-Xu and Run Wang and Xiaofei Xie and Lei Ma and Jianwen Li and Weikai Miao and Yang Liu and Geguang Pu},
  journal={ArXiv},
  year={2020},
  volume={abs/2001.09598}
}